<record><leader>00000cas a22000007a 4500</leader><controlfield tag="001">22399520</controlfield><controlfield tag="008">900918u1944uuuumnuen ne      0    0eng d</controlfield><datafield ind1=" " ind2=" " tag="010"><subfield code="a">sn 90060433 </subfield></datafield><datafield ind1=" " ind2=" " tag="040"><subfield code="a">MN#</subfield><subfield code="b">eng</subfield><subfield code="c">MN#</subfield><subfield code="d">OCLCQ</subfield></datafield><datafield ind1=" " ind2=" " tag="042"><subfield code="a">msc</subfield></datafield><datafield ind1=" " ind2=" " tag="043"><subfield code="a">n-us-mn</subfield></datafield><datafield ind1=" " ind2=" " tag="052"><subfield code="a">4144</subfield><subfield code="b">R7</subfield></datafield><datafield ind1=" " ind2=" " tag="052"><subfield code="a">4143</subfield><subfield code="b">O4</subfield></datafield><datafield ind1="0" ind2=" " tag="130"><subfield code="a">Rocket (Rochester, Minn.)</subfield></datafield><datafield ind1="1" ind2="4" tag="245"><subfield code="a">The rocket.</subfield></datafield><datafield ind1=" " ind2=" " tag="260"><subfield code="a">Rochester, Minn. :</subfield><subfield code="b">Rochester Senior High School,</subfield><subfield code="c">1944-</subfield></datafield><datafield ind1=" " ind2=" " tag="300"><subfield code="a">v.</subfield></datafield><datafield ind1=" " ind2=" " tag="310"><subfield code="a">Biweekly (during school year),</subfield><subfield code="b">Sept. 20, 1945-&lt;Apr. 27, 1951&gt;</subfield></datafield><datafield ind1=" " ind2=" " tag="321"><subfield code="a">Weekly (during school year),</subfield><subfield code="b">May 9, 1944-&lt;Nov. 21, 1944&gt;</subfield></datafield><datafield ind1=" " ind2=" " tag="321"><subfield code="a">Semimonthly (during school year),</subfield><subfield code="b">&lt;Mar. 1, 1945&gt;-Sept. 5, 1945</subfield></datafield><datafield ind1="0" ind2=" " tag="362"><subfield code="a">Vol. 1, no. 1 (May 9, 1944)-</subfield></datafield><datafield ind1=" " ind2=" " tag="530"><subfield code="a">Available on microfilm from the Minnesota Historical Society.</subfield></datafield><datafield ind1=" " ind2=" " tag="752"><subfield code="a">United States</subfield><subfield code="b">Minnesota</subfield><subfield code="c">Olmsted</subfield><subfield code="d">Rochester.</subfield></datafield><datafield ind1="1" ind2=" " tag="029"><subfield code="a">AU@</subfield><subfield code="b">000025907835</subfield></datafield></record>